@inproceedings{joshi2009multi,
  title={Multi-class active learning for image classification},
  author={Joshi, Ajay J and Porikli, Fatih and Papanikolopoulos, Nikolaos},
  booktitle={Computer Vision and Pattern Recognition, 2009. CVPR 2009. IEEE Conference on},
  pages={2372--2379},
  year={2009},
  organization={IEEE}
}

@article{CC01a,
 author = {Chang, Chih-Chung and Lin, Chih-Jen},
 title = {{LIBSVM}: A library for support vector machines},
 journal = {ACM Transactions on Intelligent Systems and Technology},
 volume = {2},
 issue = {3},
 year = {2011},
 pages = {27:1--27:27},
 note =	 {Software available at \url{http://www.csie.ntu.edu.tw/~cjlin/libsvm}}
}

@article{wu2004probability,
  title={Probability estimates for multi-class classification by pairwise coupling},
  author={Wu, Ting-Fan and Lin, Chih-Jen and Weng, Ruby C},
  journal={Journal of Machine Learning Research},
  volume={5},
  number={Aug},
  pages={975--1005},
  year={2004}
}


